<record><leader>00000cas a2200000 a 4500</leader><controlfield tag="001">12717803</controlfield><controlfield tag="008">851025d19461947ksuwr ne      0    0eng d</controlfield><datafield ind1=" " ind2=" " tag="010"><subfield code="a">sn 85032298 </subfield></datafield><datafield ind1=" " ind2=" " tag="040"><subfield code="a">KSH</subfield><subfield code="b">eng</subfield><subfield code="c">KSH</subfield><subfield code="d">NPT</subfield><subfield code="d">OCL</subfield><subfield code="d">OCLCQ</subfield></datafield><datafield ind1=" " ind2=" " tag="042"><subfield code="a">msc</subfield></datafield><datafield ind1="0" ind2="0" tag="245"><subfield code="a">Smith County pioneer and the Smith County review.</subfield></datafield><datafield ind1=" " ind2=" " tag="260"><subfield code="a">Smith Center, Kan. :</subfield><subfield code="b">Beason &amp; Lee,</subfield><subfield code="c">1946-1947.</subfield></datafield><datafield ind1=" " ind2=" " tag="300"><subfield code="a">1 v. :</subfield><subfield code="b">ill. ;</subfield><subfield code="c">53 cm.</subfield></datafield><datafield ind1=" " ind2=" " tag="310"><subfield code="a">Weekly</subfield></datafield><datafield ind1="0" ind2=" " tag="362"><subfield code="a">Vol. 74, no. 22 (Jan. 17, 1946)-v. 75, no. 24 (Jan. 30, 1947).</subfield></datafield><datafield ind1=" " ind2=" " tag="752"><subfield code="a">United States</subfield><subfield code="b">Kansas</subfield><subfield code="c">Smith</subfield><subfield code="d">Smith Center.</subfield></datafield><datafield ind1="0" ind2="4" tag="780"><subfield code="t">Smith County review</subfield><subfield code="w">(DLC)sn 85029771</subfield></datafield><datafield ind1="0" ind2="4" tag="780"><subfield code="t">Smith County pioneer (Smith Center, Kan. : 1902)</subfield><subfield code="w">(DLC)sn 85032297</subfield></datafield><datafield ind1="0" ind2="0" tag="785"><subfield code="t">Smith County pioneer (Smith Center, Kan. : 1947)</subfield><subfield code="w">(DLC)sn 85032299</subfield></datafield><datafield ind1="1" ind2=" " tag="029"><subfield code="a">AU@</subfield><subfield code="b">000022165279</subfield></datafield></record>